<record><leader>00000cas a22000007a 4500</leader><controlfield tag="001">9257331</controlfield><controlfield tag="008">830225d18241825mauwr ne      0    0eng d</controlfield><controlfield tag="009">3768</controlfield><datafield ind1=" " ind2=" " tag="010"><subfield code="a">sn 83020086 </subfield></datafield><datafield ind1=" " ind2=" " tag="040"><subfield code="a">NPX</subfield><subfield code="b">eng</subfield><subfield code="c">NPX</subfield><subfield code="d">DLC</subfield><subfield code="d">MGN</subfield></datafield><datafield ind1="1" ind2=" " tag="029"><subfield code="a">AU@</subfield><subfield code="b">000025787287</subfield></datafield><datafield ind1=" " ind2=" " tag="042"><subfield code="a">msc</subfield></datafield><datafield ind1="0" ind2="0" tag="050"><subfield code="a">Newspaper 8273</subfield></datafield><datafield ind1="0" ind2="0" tag="245"><subfield code="a">Chelmsford courier.</subfield></datafield><datafield ind1=" " ind2=" " tag="260"><subfield code="a">East-Chelmsford [Lowell], Mass. :</subfield><subfield code="b">William Baldwin,</subfield><subfield code="c">1824-1825.</subfield></datafield><datafield ind1=" " ind2=" " tag="300"><subfield code="a">1 v. ;</subfield><subfield code="c">51 cm.</subfield></datafield><datafield ind1=" " ind2=" " tag="310"><subfield code="a">Weekly</subfield></datafield><datafield ind1="0" ind2=" " tag="362"><subfield code="a">Vol. 1, no. 1 (June 25, 1824)-v. 1, no. 51 (June 10, 1825).</subfield></datafield><datafield ind1=" " ind2=" " tag="500"><subfield code="a">Editors: Wm. Baldwin, June 25, 1824-May 19, 1825; Bernard Whitman, May 20-June 10, 1825.</subfield></datafield><datafield ind1="1" ind2=" " tag="700"><subfield code="a">Baldwin, William.</subfield></datafield><datafield ind1="1" ind2=" " tag="700"><subfield code="a">Whitman, Bernard.</subfield></datafield><datafield ind1=" " ind2=" " tag="752"><subfield code="a">United States</subfield><subfield code="b">Massachusetts</subfield><subfield code="c">Middlesex</subfield><subfield code="d">East Chelmsford.</subfield></datafield><datafield ind1=" " ind2=" " tag="752"><subfield code="a">United States</subfield><subfield code="b">Massachusetts</subfield><subfield code="c">Middlesex</subfield><subfield code="d">Lowell.</subfield></datafield><datafield ind1="0" ind2="0" tag="785"><subfield code="t">Chelmsford phoenix</subfield><subfield code="w">(DLC)sn 83020087</subfield></datafield></record>